@article{kass_bayes_1993,
  title = {{Bayes {Factors} in {Practice}}},
  volume = {42},
  issn = {00390526},
  url = {http://classes.warnercnr.colostate.edu/bayes-workshop/files/2013/04/Kass_Statistician_1993_BayesFactors.pdf},
  doi = {10.2307/2348679},
  number = {5},
  urldate = {2015-03-17},
  journal = {The Statistician},
  author = {Kass, Robert E.},
  year = {1993},
  pages = {551},
}


@article{goodman_toward_1999,
  title = {{Toward evidence-based medical statistics. 1: {The} {P} value fallacy}},
  volume = {130},
  shorttitle = {Toward evidence-based medical statistics. 1},
  url = {http://www.vhpharmsci.com/decisionmaking/Therapeutic_Decision_Making/Fundamentals_files/Toward%20Evidence-Based%20Medical%20Statistics-1-%20The%20P%20Value%20Fallacy-AIM.pdf},
  number = {12},
  urldate = {2015-03-15},
  journal = {Annals of internal medicine},
  author = {Goodman, Steven N.},
  year = {1999},
  pages = {995--1004},
}
